<record><leader>00000cas a2200000 a 4500</leader><controlfield tag="001">10884809</controlfield><controlfield tag="008">840626d18941930ksuwr ne      0   a0eng d</controlfield><datafield ind1=" " ind2=" " tag="010"><subfield code="a">sn 84029338 </subfield></datafield><datafield ind1=" " ind2=" " tag="040"><subfield code="a">KSH</subfield><subfield code="b">eng</subfield><subfield code="c">KSH</subfield><subfield code="d">NPT</subfield><subfield code="d">OCL</subfield><subfield code="d">OCLCQ</subfield></datafield><datafield ind1=" " ind2=" " tag="042"><subfield code="a">msc</subfield></datafield><datafield ind1="0" ind2="4" tag="245"><subfield code="a">The Oberlin times.</subfield></datafield><datafield ind1=" " ind2=" " tag="260"><subfield code="a">Oberlin, Kan. :</subfield><subfield code="b">Langmade, Mead &amp; Hoskins,</subfield><subfield code="c">1894-1930.</subfield></datafield><datafield ind1=" " ind2=" " tag="300"><subfield code="a">33 v. :</subfield><subfield code="b">ill. ;</subfield><subfield code="c">50-60 cm.</subfield></datafield><datafield ind1=" " ind2=" " tag="310"><subfield code="a">Weekly</subfield></datafield><datafield ind1="0" ind2=" " tag="362"><subfield code="a">Vol. 7, no. 28 (Mar. 9, 1894)-fortieth year, no. 7 (Feb. 27, 1930).</subfield></datafield><datafield ind1=" " ind2=" " tag="500"><subfield code="a">Publisher varies.</subfield></datafield><datafield ind1=" " ind2=" " tag="752"><subfield code="a">United States</subfield><subfield code="b">Kansas</subfield><subfield code="c">Decatur</subfield><subfield code="d">Oberlin.</subfield></datafield><datafield ind1="0" ind2="0" tag="780"><subfield code="t">Times (Oberlin, Kan.)</subfield><subfield code="w">(DLC)sn 83040439</subfield></datafield><datafield ind1="0" ind2="5" tag="780"><subfield code="t">Beaver Valley booster</subfield><subfield code="g">Aug. 29, 1918</subfield><subfield code="w">(DLC)sn 84029331</subfield></datafield><datafield ind1="0" ind2="7" tag="785"><subfield code="t">Oberlin herald</subfield><subfield code="w">(DLC)sn 84029339</subfield></datafield><datafield ind1="0" ind2="7" tag="785"><subfield code="t">Oberlin herald and the Oberlin times</subfield><subfield code="w">(DLC)sn 84029354</subfield></datafield></record>